%YAML 1.1
%TAG !u! tag:unity3d.com,2011:
--- !u!1 &179037707048144468
GameObject:
  m_ObjectHideFlags: 0
  m_CorrespondingSourceObject: {fileID: 0}
  m_PrefabInstance: {fileID: 0}
  m_PrefabAsset: {fileID: 0}
  serializedVersion: 6
  m_Component:
  - component: {fileID: 179037707048144473}
  - component: {fileID: 179037707048144472}
  - component: {fileID: 179037707048144471}
  - component: {fileID: 179037707048144470}
  m_Layer: 5
  m_Name: AboutCanvas_rus
  m_TagString: Untagged
  m_Icon: {fileID: 0}
  m_NavMeshLayer: 0
  m_StaticEditorFlags: 0
  m_IsActive: 1
--- !u!224 &179037707048144473
RectTransform:
  m_ObjectHideFlags: 0
  m_CorrespondingSourceObject: {fileID: 0}
  m_PrefabInstance: {fileID: 0}
  m_PrefabAsset: {fileID: 0}
  m_GameObject: {fileID: 179037707048144468}
  m_LocalRotation: {x: -0, y: -0, z: -0, w: 1}
  m_LocalPosition: {x: 0, y: 0, z: 90}
  m_LocalScale: {x: 0.07205, y: 0.07205, z: 0.07205}
  m_Children:
  - {fileID: 179037708424221816}
  m_Father: {fileID: 0}
  m_RootOrder: 0
  m_LocalEulerAnglesHint: {x: 0, y: 0, z: 0}
  m_AnchorMin: {x: 0, y: 0}
  m_AnchorMax: {x: 0, y: 0}
  m_AnchoredPosition: {x: -97.5, y: 1}
  m_SizeDelta: {x: 800, y: 1602.7026}
  m_Pivot: {x: 0.5, y: 0.5}
--- !u!223 &179037707048144472
Canvas:
  m_ObjectHideFlags: 0
  m_CorrespondingSourceObject: {fileID: 0}
  m_PrefabInstance: {fileID: 0}
  m_PrefabAsset: {fileID: 0}
  m_GameObject: {fileID: 179037707048144468}
  m_Enabled: 1
  serializedVersion: 3
  m_RenderMode: 2
  m_Camera: {fileID: 0}
  m_PlaneDistance: 100
  m_PixelPerfect: 0
  m_ReceivesEvents: 1
  m_OverrideSorting: 0
  m_OverridePixelPerfect: 0
  m_SortingBucketNormalizedSize: 0
  m_AdditionalShaderChannelsFlag: 25
  m_SortingLayerID: 0
  m_SortingOrder: 0
  m_TargetDisplay: 0
--- !u!114 &179037707048144471
MonoBehaviour:
  m_ObjectHideFlags: 0
  m_CorrespondingSourceObject: {fileID: 0}
  m_PrefabInstance: {fileID: 0}
  m_PrefabAsset: {fileID: 0}
  m_GameObject: {fileID: 179037707048144468}
  m_Enabled: 1
  m_EditorHideFlags: 0
  m_Script: {fileID: 11500000, guid: 0cd44c1031e13a943bb63640046fad76, type: 3}
  m_Name: 
  m_EditorClassIdentifier: 
  m_UiScaleMode: 1
  m_ReferencePixelsPerUnit: 100
  m_ScaleFactor: 1
  m_ReferenceResolution: {x: 800, y: 600}
  m_ScreenMatchMode: 0
  m_MatchWidthOrHeight: 0
  m_PhysicalUnit: 3
  m_FallbackScreenDPI: 96
  m_DefaultSpriteDPI: 96
  m_DynamicPixelsPerUnit: 1
--- !u!114 &179037707048144470
MonoBehaviour:
  m_ObjectHideFlags: 0
  m_CorrespondingSourceObject: {fileID: 0}
  m_PrefabInstance: {fileID: 0}
  m_PrefabAsset: {fileID: 0}
  m_GameObject: {fileID: 179037707048144468}
  m_Enabled: 1
  m_EditorHideFlags: 0
  m_Script: {fileID: 11500000, guid: dc42784cf147c0c48a680349fa168899, type: 3}
  m_Name: 
  m_EditorClassIdentifier: 
  m_IgnoreReversedGraphics: 1
  m_BlockingObjects: 0
  m_BlockingMask:
    serializedVersion: 2
    m_Bits: 4294967295
--- !u!1 &179037707772843123
GameObject:
  m_ObjectHideFlags: 0
  m_CorrespondingSourceObject: {fileID: 0}
  m_PrefabInstance: {fileID: 0}
  m_PrefabAsset: {fileID: 0}
  serializedVersion: 6
  m_Component:
  - component: {fileID: 179037707772843124}
  - component: {fileID: 179037707772843126}
  - component: {fileID: 179037707772843125}
  m_Layer: 5
  m_Name: Text
  m_TagString: Untagged
  m_Icon: {fileID: 0}
  m_NavMeshLayer: 0
  m_StaticEditorFlags: 0
  m_IsActive: 1
--- !u!224 &179037707772843124
RectTransform:
  m_ObjectHideFlags: 0
  m_CorrespondingSourceObject: {fileID: 0}
  m_PrefabInstance: {fileID: 0}
  m_PrefabAsset: {fileID: 0}
  m_GameObject: {fileID: 179037707772843123}
  m_LocalRotation: {x: 0, y: 0, z: 0, w: 1}
  m_LocalPosition: {x: 0, y: 0, z: 0}
  m_LocalScale: {x: 1, y: 1, z: 1}
  m_Children: []
  m_Father: {fileID: 179037707808090916}
  m_RootOrder: 1
  m_LocalEulerAnglesHint: {x: 0, y: 0, z: 0}
  m_AnchorMin: {x: 0.5, y: 0.5}
  m_AnchorMax: {x: 0.5, y: 0.5}
  m_AnchoredPosition: {x: 0, y: -88}
  m_SizeDelta: {x: 500, y: 1300}
  m_Pivot: {x: 0.5, y: 0.5}
--- !u!222 &179037707772843126
CanvasRenderer:
  m_ObjectHideFlags: 0
  m_CorrespondingSourceObject: {fileID: 0}
  m_PrefabInstance: {fileID: 0}
  m_PrefabAsset: {fileID: 0}
  m_GameObject: {fileID: 179037707772843123}
  m_CullTransparentMesh: 0
--- !u!114 &179037707772843125
MonoBehaviour:
  m_ObjectHideFlags: 0
  m_CorrespondingSourceObject: {fileID: 0}
  m_PrefabInstance: {fileID: 0}
  m_PrefabAsset: {fileID: 0}
  m_GameObject: {fileID: 179037707772843123}
  m_Enabled: 1
  m_EditorHideFlags: 0
  m_Script: {fileID: 11500000, guid: 5f7201a12d95ffc409449d95f23cf332, type: 3}
  m_Name: 
  m_EditorClassIdentifier: 
  m_Material: {fileID: 0}
  m_Color: {r: 1, g: 1, b: 1, a: 1}
  m_RaycastTarget: 1
  m_OnCullStateChanged:
    m_PersistentCalls:
      m_Calls: []
  m_FontData:
    m_Font: {fileID: 12800000, guid: 58b647c5b2ec4184e9a07a561cdf0644, type: 3}
    m_FontSize: 30
    m_FontStyle: 0
    m_BestFit: 0
    m_MinSize: 0
    m_MaxSize: 40
    m_Alignment: 4
    m_AlignByGeometry: 1
    m_RichText: 0
    m_HorizontalOverflow: 0
    m_VerticalOverflow: 0
    m_LineSpacing: 1.4
  m_Text: "\u042D\u0442\u043E \u043F\u0440\u043E\u0441\u0442\u0430\u044F \u0438\u0433\u0440\u0430,
    \u0432 \u043A\u043E\u0442\u043E\u0440\u043E\u0439 \n\u043D\u0443\u0436\u043D\u043E
    \u043D\u0430\u0445\u043E\u0434\u0438\u0442\u044C \u043A\u0440\u0430\u0442\u043D\u044B\u0435
    \u0447\u0438\u0441\u043B\u0430, \n\u0442\u043E \u0435\u0441\u0442\u044C \u0447\u0438\u0441\u043B\u0430,
    \u0434\u0435\u043B\u044F\u0449\u0438\u0435\u0441\u044F\u044F \n\u043D\u0430\u0446\u0435\u043B\u043E
    \u043D\u0430 \u0442\u0435\u043A\u0443\u0449\u0438\u0439 \u0434\u0435\u043B\u0438\u0442\u0435\u043B\u044C
    \n\u0443\u043A\u0430\u0437\u0430\u043D\u043D\u044B\u0439 \u043D\u0430 \u0448\u0430\u0440\u0438\u043A\u0435,
    \u043A\u043E\u0442\u043E\u0440\u044B\u0439 \n\u043F\u043E\u043C\u0435\u0447\u0435\u043D
    \u0437\u0435\u043B\u0451\u043D\u043E\u0439 \u0441\u0442\u0440\u0435\u043B\u043E\u0447\u043A\u043E\u0439.
    \r\n\u0414\u043B\u044F \u043F\u0440\u043E\u0445\u043E\u0436\u0434\u0435\u043D\u0438\u044F
    \u0443\u0440\u043E\u0432\u043D\u044F \n\u043D\u0435\u043E\u0431\u0445\u043E\u0434\u0438\u043C\u043E
    \u043D\u0430\u0439\u0442\u0438 \u0432\u0441\u0435 \n\u043F\u043E\u0434\u0445\u043E\u0434\u044F\u0449\u0438\u0435
    \u0434\u0435\u043B\u0438\u043C\u044B\u0435 \u0434\u043B\u044F \n\u043A\u0430\u0436\u0434\u043E\u0433\u043E
    \u0438\u0437 \u0434\u0435\u043B\u0438\u0442\u0435\u043B\u0435\u0439 \n\u043F\u043E
    \u043E\u0447\u0435\u0440\u0435\u0434\u0438. \u0414\u0430\u043B\u0435\u0435 \u0432\u044B
    \u0441\u043C\u043E\u0436\u0435\u0442\u0435\n \u043F\u0435\u0440\u0435\u0439\u0442\u0438
    \u043A \u0441\u043B\u0435\u0434\u0443\u044E\u0449\u0435\u043C\u0443 \n\u0443\u0440\u043E\u0432\u043D\u044E
    \u0447\u0435\u0440\u0435\u0437 \u043C\u0435\u043D\u044E. \r\u042D\u0442\u0430
    \n\u0438\u0433\u0440\u0430 \u043C\u043E\u0436\u0435\u0442 \u043F\u043E\u043C\u043E\u0447\u044C
    \u043D\u0430\u0442\u0440\u0435\u043D\u0438\u0440\u043E\u0432\u0430\u0442\u044C
    \n\u0432\u0430\u0448\u0443 \u043F\u0430\u043C\u044F\u0442\u044C \u0438 \u0431\u0443\u0434\u0435\u0442
    \u043E\u0441\u043E\u0431\u0435\u043D\u043D\u043E \n\u043F\u043E\u043B\u0435\u0437\u043D\u0430
    \u0434\u043B\u044F \u0434\u0435\u0442\u0435\u0439, \u043D\u0430\u0447\u0438\u043D\u0430\u044E\u0449\u0438\u0445
    \n\u0438\u0437\u0443\u0447\u0430\u0442\u044C \u0434\u0435\u043B\u0435\u043D\u0438\u0435
    \u0432 \u0448\u043A\u043E\u043B\u0435"
--- !u!1 &179037707808090915
GameObject:
  m_ObjectHideFlags: 0
  m_CorrespondingSourceObject: {fileID: 0}
  m_PrefabInstance: {fileID: 0}
  m_PrefabAsset: {fileID: 0}
  serializedVersion: 6
  m_Component:
  - component: {fileID: 179037707808090916}
  - component: {fileID: 179037707808090918}
  - component: {fileID: 179037707808090917}
  m_Layer: 5
  m_Name: AboutPanel
  m_TagString: Untagged
  m_Icon: {fileID: 0}
  m_NavMeshLayer: 0
  m_StaticEditorFlags: 0
  m_IsActive: 1
--- !u!224 &179037707808090916
RectTransform:
  m_ObjectHideFlags: 0
  m_CorrespondingSourceObject: {fileID: 0}
  m_PrefabInstance: {fileID: 0}
  m_PrefabAsset: {fileID: 0}
  m_GameObject: {fileID: 179037707808090915}
  m_LocalRotation: {x: -0, y: -0, z: -0, w: 1}
  m_LocalPosition: {x: 0, y: 0, z: 0}
  m_LocalScale: {x: 1, y: 1, z: 1}
  m_Children:
  - {fileID: 179037708372653959}
  - {fileID: 179037707772843124}
  m_Father: {fileID: 179037708424221816}
  m_RootOrder: 0
  m_LocalEulerAnglesHint: {x: 0, y: 0, z: 0}
  m_AnchorMin: {x: 0, y: 0}
  m_AnchorMax: {x: 1, y: 1}
  m_AnchoredPosition: {x: 31, y: 15}
  m_SizeDelta: {x: 700, y: 1502.7026}
  m_Pivot: {x: 0.5, y: 0.5}
--- !u!222 &179037707808090918
CanvasRenderer:
  m_ObjectHideFlags: 0
  m_CorrespondingSourceObject: {fileID: 0}
  m_PrefabInstance: {fileID: 0}
  m_PrefabAsset: {fileID: 0}
  m_GameObject: {fileID: 179037707808090915}
  m_CullTransparentMesh: 0
--- !u!114 &179037707808090917
MonoBehaviour:
  m_ObjectHideFlags: 0
  m_CorrespondingSourceObject: {fileID: 0}
  m_PrefabInstance: {fileID: 0}
  m_PrefabAsset: {fileID: 0}
  m_GameObject: {fileID: 179037707808090915}
  m_Enabled: 1
  m_EditorHideFlags: 0
  m_Script: {fileID: 11500000, guid: fe87c0e1cc204ed48ad3b37840f39efc, type: 3}
  m_Name: 
  m_EditorClassIdentifier: 
  m_Material: {fileID: 0}
  m_Color: {r: 1, g: 1, b: 1, a: 1}
  m_RaycastTarget: 1
  m_OnCullStateChanged:
    m_PersistentCalls:
      m_Calls: []
  m_Sprite: {fileID: 21300000, guid: 4001f33d419224149b1b470ef4d3ea92, type: 3}
  m_Type: 0
  m_PreserveAspect: 0
  m_FillCenter: 1
  m_FillMethod: 4
  m_FillAmount: 1
  m_FillClockwise: 1
  m_FillOrigin: 0
  m_UseSpriteMesh: 0
  m_PixelsPerUnitMultiplier: 1
--- !u!1 &179037708372653958
GameObject:
  m_ObjectHideFlags: 0
  m_CorrespondingSourceObject: {fileID: 0}
  m_PrefabInstance: {fileID: 0}
  m_PrefabAsset: {fileID: 0}
  serializedVersion: 6
  m_Component:
  - component: {fileID: 179037708372653959}
  - component: {fileID: 179037708372653960}
  m_Layer: 0
  m_Name: BubbleDivider
  m_TagString: Untagged
  m_Icon: {fileID: 0}
  m_NavMeshLayer: 0
  m_StaticEditorFlags: 0
  m_IsActive: 1
--- !u!4 &179037708372653959
Transform:
  m_ObjectHideFlags: 0
  m_CorrespondingSourceObject: {fileID: 0}
  m_PrefabInstance: {fileID: 0}
  m_PrefabAsset: {fileID: 0}
  m_GameObject: {fileID: 179037708372653958}
  m_LocalRotation: {x: -0, y: -0, z: -0, w: 1}
  m_LocalPosition: {x: -5, y: 357.3333, z: -99}
  m_LocalScale: {x: 27.31023, y: 27.31023, z: 27.31023}
  m_Children: []
  m_Father: {fileID: 179037707808090916}
  m_RootOrder: 0
  m_LocalEulerAnglesHint: {x: 0, y: 0, z: 0}
--- !u!212 &179037708372653960
SpriteRenderer:
  m_ObjectHideFlags: 0
  m_CorrespondingSourceObject: {fileID: 0}
  m_PrefabInstance: {fileID: 0}
  m_PrefabAsset: {fileID: 0}
  m_GameObject: {fileID: 179037708372653958}
  m_Enabled: 1
  m_CastShadows: 0
  m_ReceiveShadows: 0
  m_DynamicOccludee: 1
  m_MotionVectors: 1
  m_LightProbeUsage: 1
  m_ReflectionProbeUsage: 1
  m_RenderingLayerMask: 1
  m_RendererPriority: 0
  m_Materials:
  - {fileID: 10754, guid: 0000000000000000f000000000000000, type: 0}
  m_StaticBatchInfo:
    firstSubMesh: 0
    subMeshCount: 0
  m_StaticBatchRoot: {fileID: 0}
  m_ProbeAnchor: {fileID: 0}
  m_LightProbeVolumeOverride: {fileID: 0}
  m_ScaleInLightmap: 1
  m_ReceiveGI: 1
  m_PreserveUVs: 0
  m_IgnoreNormalsForChartDetection: 0
  m_ImportantGI: 0
  m_StitchLightmapSeams: 1
  m_SelectedEditorRenderState: 0
  m_MinimumChartSize: 4
  m_AutoUVMaxDistance: 0.5
  m_AutoUVMaxAngle: 89
  m_LightmapParameters: {fileID: 0}
  m_SortingLayerID: 0
  m_SortingLayer: 0
  m_SortingOrder: 0
  m_Sprite: {fileID: 21300000, guid: e44d0fe7b4b64df4b9011de3218eadf4, type: 3}
  m_Color: {r: 1, g: 1, b: 1, a: 1}
  m_FlipX: 0
  m_FlipY: 0
  m_DrawMode: 0
  m_Size: {x: 19.2, y: 10.8}
  m_AdaptiveModeThreshold: 0.5
  m_SpriteTileMode: 0
  m_WasSpriteAssigned: 1
  m_MaskInteraction: 0
  m_SpriteSortPoint: 0
--- !u!1 &179037708424221815
GameObject:
  m_ObjectHideFlags: 0
  m_CorrespondingSourceObject: {fileID: 0}
  m_PrefabInstance: {fileID: 0}
  m_PrefabAsset: {fileID: 0}
  serializedVersion: 6
  m_Component:
  - component: {fileID: 179037708424221816}
  - component: {fileID: 179037708424221817}
  m_Layer: 5
  m_Name: AboutControl
  m_TagString: Untagged
  m_Icon: {fileID: 0}
  m_NavMeshLayer: 0
  m_StaticEditorFlags: 0
  m_IsActive: 1
--- !u!224 &179037708424221816
RectTransform:
  m_ObjectHideFlags: 0
  m_CorrespondingSourceObject: {fileID: 0}
  m_PrefabInstance: {fileID: 0}
  m_PrefabAsset: {fileID: 0}
  m_GameObject: {fileID: 179037708424221815}
  m_LocalRotation: {x: -0, y: -0, z: -0, w: 1}
  m_LocalPosition: {x: 0, y: 0, z: -125.00006}
  m_LocalScale: {x: 0.45, y: 0.45, z: 0.45}
  m_Children:
  - {fileID: 179037707808090916}
  - {fileID: 179037708537053133}
  m_Father: {fileID: 179037707048144473}
  m_RootOrder: 0
  m_LocalEulerAnglesHint: {x: 0, y: 0, z: 0}
  m_AnchorMin: {x: 0.5, y: 0.5}
  m_AnchorMax: {x: 0.5, y: 0.5}
  m_AnchoredPosition: {x: -14.000003, y: 14.000003}
  m_SizeDelta: {x: 100, y: 100}
  m_Pivot: {x: 0.5, y: 0.5}
--- !u!114 &179037708424221817
MonoBehaviour:
  m_ObjectHideFlags: 0
  m_CorrespondingSourceObject: {fileID: 0}
  m_PrefabInstance: {fileID: 0}
  m_PrefabAsset: {fileID: 0}
  m_GameObject: {fileID: 179037708424221815}
  m_Enabled: 1
  m_EditorHideFlags: 0
  m_Script: {fileID: 11500000, guid: 57a5205db1655e7459a0e078e70bb2ca, type: 3}
  m_Name: 
  m_EditorClassIdentifier: 
--- !u!1 &179037708537053132
GameObject:
  m_ObjectHideFlags: 0
  m_CorrespondingSourceObject: {fileID: 0}
  m_PrefabInstance: {fileID: 0}
  m_PrefabAsset: {fileID: 0}
  serializedVersion: 6
  m_Component:
  - component: {fileID: 179037708537053133}
  m_Layer: 5
  m_Name: NewAboutCamPos
  m_TagString: Untagged
  m_Icon: {fileID: 0}
  m_NavMeshLayer: 0
  m_StaticEditorFlags: 0
  m_IsActive: 1
--- !u!4 &179037708537053133
Transform:
  m_ObjectHideFlags: 0
  m_CorrespondingSourceObject: {fileID: 0}
  m_PrefabInstance: {fileID: 0}
  m_PrefabAsset: {fileID: 0}
  m_GameObject: {fileID: 179037708537053132}
  m_LocalRotation: {x: -0, y: -0, z: -0, w: 1}
  m_LocalPosition: {x: 31.111118, y: -31.111118, z: -2806.5002}
  m_LocalScale: {x: 30.842777, y: 30.842777, z: 30.842777}
  m_Children: []
  m_Father: {fileID: 179037708424221816}
  m_RootOrder: 1
  m_LocalEulerAnglesHint: {x: 0, y: 0, z: 0}
